@book{Label,
author = {Cognome, N.},
title = {Titolo},
publisher = {Publisher},
year = {Anno},
},

@misc{LabelUrl,
title={Titolo},
author={Cognome, N.},
howpublished = {\url{https://poisson.phc.dm.unipi.it/~puddu}},
},

@misc{ROCm-SMI-Lib,
  author = {Advanced Micro Devices},
  title = {ROCm-SMI-Lib.},
  howpublished = {\url{https://github.com/RadeonOpenCompute/rocm_smi_lib}},
  note = {February 2021}
},

@misc{HIP-Supported-API,
  author = {Advanced Micro Devices},
  title = {HIP-Supported-API.},
  howpublished = {\url{https://github.com/ROCm-Developer-Tools/HIPIFY#-supported-cuda-apis}},
  note = {February 2021}
},

@misc{Compiling-CUDA-with-clang,
  author = {Advanced Micro Devices},
  title = {Compiling CUDA with clang.},
  howpublished = {\url{https://llvm.org/docs/
CompileCudaWithLLVM.html#compiling-cuda-code}},
  note = {February 2021}
},

@misc{Clang-JSON-Compilation-Database,
  author = {Clang.},
  title = {Clang JSON Compilation Database},
  year = {2018}
},

@misc{CUDA-Kernel-Execution-Configuration,
  author = {NVIDIA.},
  title = {CUDA Kernel Execution Configuration},
  year = {2022}
},

@misc{HIP,
  author = {Advanced Micro Devices.},
  title = {HIP.},
  howpublished = {\url{https://github.com/ROCm-Developer-Tools/HIP}},
  note = {February 2021}
},

@misc{Abstract-Syntax-Tree,
  author = {LLVM.},
  title = {Abstract Syntax Tree.},
  howpublished = {\url{https://clang.llvm.org/docs/
IntroductionToTheClangAST.html}},
  note = {February 2022}
},

@misc{Parallel-multi-channel,
  author = {Aravind Vasudevan, Andrew Anderson, and David Gregg.},
  title = {Parallel multi channel
convolution using general matrix multiplication.},
  howpublished = {In IEEE 28th International Conference
on Application-specific Systems, Architectures and Processors (ASAP), pages
19â€“24. IEEE},
  note = {February 2017}
},

@misc{Kubernetes-Documentation,
  author = {DaemonSet.},
  title = {Kubernetes Documentation.},
  howpublished = {\url{https://kubernetes.io/docs/concepts/workloads/controllers/daemonset}},
},


@article{williams2009roofline,
  author    = {Samuel Williams and Andrew Waterman and David Patterson},
  title     = {Roofline: An Insightful Visual Performance Model for Multicore Architectures},
  journal   = {Communications of the ACM},
  year      = {2009},
  volume    = {52},
  number    = {4},
  pages     = {65--76},
  doi       = {10.1145/1506409.1506428},
},

@book{grinberg2018flask,
  author    = {Miguel Grinberg},
  title     = {Flask Web Development},
  publisher = {O'Reilly Media, Inc.},
  year      = {2018},
  edition   = {1st},
},

@incollection{chakraborty2021grafana,
  author    = {Mainak Chakraborty and Ajit Pratap Kundan},
  title     = {Grafana},
  booktitle = {Monitoring Cloud-Native Applications: Lead Agile Operations Confidently using Open Source Software},
  pages     = {187--240},
  publisher = {Springer},
  year      = {2021},
},

